@article{deng2008pca,
  title={PCA-based land-use change detection and analysis using multitemporal and multisensor satellite data},
  author={Deng, JS and Wang, K and Deng, YH and Qi, GJ},
  journal={International Journal of Remote Sensing},
  volume={29},
  number={16},
  pages={4823--4838},
  year={2008},
  publisher={Taylor \& Francis}
}


@article{dhu2017digital,
  title={Digital earth Australia--unlocking new value from earth observation data},
  author={Dhu, Trevor and Dunn, Bex and Lewis, Ben and Lymburner, Leo and Mueller, Norman and Telfer, Erin and Lewis, Adam and McIntyre, Alexis and Minchin, Stuart and Phillips, Claire},
  journal={Big Earth Data},
  volume={1},
  number={1-2},
  pages={64--74},
  year={2017},
  publisher={Taylor \& Francis}
}
